<?xml version="1.0" encoding="UTF-8"?><record xmlns="http://www.loc.gov/MARC21/slim" xmlns:cinclude="http://apache.org/cocoon/include/1.0" xmlns:zs="http://www.loc.gov/zing/srw/">
  <leader>00347cz  a2200121n  4500</leader>
  <controlfield tag="001">n  93109892 </controlfield>
  <controlfield tag="003">DLC</controlfield>
  <controlfield tag="005">20030701051638.0</controlfield>
  <controlfield tag="008">931108n| acannaab|          |n aaa      </controlfield>
  <datafield tag="010" ind1=" " ind2=" ">
    <subfield code="a">n  93109892 </subfield>
  </datafield>
  <datafield tag="040" ind1=" " ind2=" ">
    <subfield code="a">DLC</subfield>
    <subfield code="c">DLC</subfield>
  </datafield>
  <datafield tag="100" ind1="1" ind2=" ">
    <subfield code="a">Kent, Michael R.,</subfield>
    <subfield code="d">1939-</subfield>
  </datafield>
  <datafield tag="670" ind1=" " ind2=" ">
    <subfield code="a">Falling in love with your self, c1994:</subfield>
    <subfield code="b">t.p. (Michael R. Kent) data sheet (b. 2-20-39)</subfield>
  </datafield>
</record>